---
---

@misc{RocStories2016,
      title={A Corpus and Evaluation Framework for Deeper Understanding of Commonsense Stories}, 
      author={Nasrin Mostafazadeh and Nathanael Chambers and Xiaodong He and Devi Parikh and Dhruv Batra and Lucy Vanderwende and Pushmeet Kohli and James Allen},
      year={2016},
      eprint={1604.01696},
      archivePrefix={arXiv},
      primaryClass={cs.CL}
}

@article{falcon2019pytorchlightning,
  title={PyTorch Lightning},
  author={Falcon, WA},
  journal={GitHub. Note: https://github.com/PyTorchLightning/pytorch-lightning Cited by},
  volume={3},
  year={2019}
}

@incollection{pytorch,
title = {PyTorch: An Imperative Style, High-Performance Deep Learning Library},
author = {Paszke, Adam and Gross, Sam and Massa, Francisco and Lerer, Adam and Bradbury, James and Chanan, Gregory and Killeen, Trevor and Lin, Zeming and Gimelshein, Natalia and Antiga, Luca and Desmaison, Alban and Kopf, Andreas and Yang, Edward and DeVito, Zachary and Raison, Martin and Tejani, Alykhan and Chilamkurthy, Sasank and Steiner, Benoit and Fang, Lu and Bai, Junjie and Chintala, Soumith},
booktitle = {Advances in Neural Information Processing Systems 32},
editor = {H. Wallach and H. Larochelle and A. Beygelzimer and F. d\textquotesingle Alch\'{e}-Buc and E. Fox and R. Garnett},
pages = {8024--8035},
year = {2019},
publisher = {Curran Associates, Inc.},
url = {http://papers.neurips.cc/paper/9015-pytorch-an-imperative-style-high-performance-deep-learning-library.pdf}
}

@misc{poutyne,
    author = {Paradis, Fr{\'e}d{\'e}rik and Beauchemin, David and Godbout, Mathieu and Alain, Mathieu and Garneau, Nicolas and Otte, Stefan and Tremblay, Alexis and B{\'e}langer, Marc-Antoine and Laviolette, Fran{\c{c}}ois},
    title  = {{Poutyne: A Simplified Framework for Deep Learning}},
    year   = {2020},
    note   = {\url{https://poutyne.org}}
}


@inproceedings{bert-top-sort,
	author = {Yin, Yongjing and Song, Linfeng and Su, Jinsong and Zeng, Jiali and Zhou, Chulun and Luo, Jiebo},
	booktitle = {Proceedings of the Twenty-Eighth International Joint Conference on Artificial Intelligence, {IJCAI-19}},
	doi = {10.24963/ijcai.2019/748},
	month = {7},
	pages = {5387--5393},
	publisher = {International Joint Conferences on Artificial Intelligence Organization},
	title = {Graph-based Neural Sentence Ordering},
	url = {https://doi.org/10.24963/ijcai.2019/748},
	year = {2019},
	Bdsk-Url-1 = {https://doi.org/10.24963/ijcai.2019/748}}

  @article{bert4so,
  author    = {Yutao Zhu and
               Jian{-}Yun Nie and
               Kun Zhou and
               Shengchao Liu and
               Pan Du},
  title     = {{BERT4SO:} Neural Sentence Ordering by Fine-tuning {BERT}},
  journal   = {CoRR},
  volume    = {abs/2103.13584},
  year      = {2021}
}

@article{regression-1,
  title={Context is Key: New Approaches to Neural Coherence Modeling},
  author={David McClure and Shayne O'Brien and Deb K. Roy},
  journal={ArXiv},
  year={2018},
  volume={abs/1812.04722}
}

@article{regression-baseline,
  author    = {Pawan Kumar and
               Dhanajit Brahma and
               Harish Karnick and
               Piyush Rai},
  title     = {Deep Attentive Ranking Networks for Learning to Order Sentences},
  journal   = {CoRR},
  volume    = {abs/2001.00056},
  year      = {2020}
}


